<?xml version="1.0" encoding="UTF-8"?><collection xmlns="http://www.loc.gov/MARC21/slim"><record><leader>00446nam--2200145-i-4500</leader><controlfield tag="001">000031693</controlfield><controlfield tag="002">20161230</controlfield><controlfield tag="005">20161230201038</controlfield><controlfield tag="008">060222s1000------------r-----000-0-eng-d</controlfield><datafield ind1=" " ind2=" " tag="080"><subfield code="a">621.391:62-52</subfield></datafield><datafield ind1=" " ind2=" " tag="100"><subfield code="a">Lindsey, William C</subfield></datafield><datafield ind1=" " ind2=" " tag="245"><subfield code="a">Synchronization systems in communication and control</subfield></datafield><datafield ind1=" " ind2=" " tag="260"><subfield code="a">Englewood Cliffs, Prentice-hall, Inc., 1972. Xx+695p</subfield></datafield><datafield ind1=" " ind2=" " tag="490"><subfield code="a">Prentice-hall Series In Information And System Sciences</subfield></datafield><datafield ind1=" " ind2=" " tag="852"><subfield code="a">42208</subfield></datafield></record></collection>